% Encoding: UTF-8

@Article{bib_boston1997,
  author    = {Michel Boston and others},
  title     = {Isomeric cross-section ratio for the (n, 2n) reaction on 45Sc from 13.6 to 24.9 MeV},
  journal   = {Physical Review},
  year      = {1997},
  volume    = {56},
  number    = {2},
  pages     = {918-921},
  owner     = {USER},
  timestamp = {2016.04.21},
}

@Book{bib_Knoll,
  Title                    = {Radiation Detection and Measurement},
  Author                   = {G F. Knoll},
  Publisher                = {Wiley},
  Year                     = {2002},
  Address                  = {New York},
  Keywords                 = {EN}
}

@Article{bib_Klein,
  Author                   = {O. Klein and Y. Nishina},
  Journal                  = {Z. Phys.},
  Year                     = {1929},
  Pages                    = {853},
  Volume                   = {52},
  Keywords                 = {EN}
}

@Comment{jabref-meta: databaseType:bibtex;}
