% This file was created with JabRef 2.10.
% Encoding: UTF8


@Article{bib_Bazzaco,
  Author                   = {D. Bazzacco},
  Journal                  = {Nucl. Phys. A},
  Year                     = {2004},
  Pages                    = {248-254},
  Volume                   = {746},

  Keywords                 = {EN}
}

@Book{bib_vatlyhatnhanungdung,
  Title                    = {Vật lý hạt nhân và ứng dụng},
  Author                   = {Phạm Quốc Hùng},
  Publisher                = {NXB Đại Học Quốc Gia Hà Nội},
  Year                     = {2007},

  Keywords                 = {VN},
  Owner                    = {USER},
  Timestamp                = {2016.02.23}
}

@Article{bib_Klein,
  Author                   = {O. Klein and Y. Nishina},
  Journal                  = {Z. Phys.},
  Year                     = {1929},
  Pages                    = {853},
  Volume                   = {52},

  Keywords                 = {EN}
}

@Book{bib_Knoll,
  Title                    = {Radiation Detection and Measurement},
  Author                   = {G F. Knoll},
  Publisher                = {Wiley},
  Year                     = {2002},

  Address                  = {New York},

  Keywords                 = {EN}
}

@Article{bib_Simpson,
  Author                   = {J. Simpson},
  Journal                  = {Acta. Phys. Pol. B},
  Year                     = {2005},
  Pages                    = {1383-1393},
  Volume                   = {36},

  Abstract                 = {Thông tin chung về tài liệu},
  Keywords                 = {EN},
  Review                   = {Nhận xét, chú ý về tài liệu}
}

@Book{bib_ghinhanbucxa,
  Title                    = {Ghi nhận và Đo lường bức xạ},
  Author                   = {Nguyễn Triệu Tú},
  Publisher                = {NXB Đại Học Quốc Gia Hà Nội},
  Year                     = {2007},

  Keywords                 = {VN},
  Owner                    = {USER},
  Timestamp                = {2016.02.23}
}

