% This file was created with JabRef 2.10.
% Encoding: UTF8


@Article{bib_remi2011,
  Title                    = {A single-photon sensitive ebCMOS camera: The LUSIPHER prototype},
  Author                   = {Remi Barbier and others},
  Journal                  = {Nucl. Instr. And Meth. A},
  Year                     = {2011},
  Pages                    = {266-274},
  Volume                   = {648},

  Owner                    = {USER},
  Timestamp                = {2016.04.20}
}

