% This file was created with JabRef 2.10.
% Encoding: UTF8

@Book{bib_vatlyhatnhanungdung,
  Title                    = {Vật lý hạt nhân và ứng dụng},
  Author                   = {Phạm Quốc Hùng},
  Publisher                = {NXB Đại Học Quốc Gia Hà Nội},
  Year                     = {2007},

  Keywords                 = {VN}
}
@Book{bib_ghinhanbucxa,
  Title                    = {Ghi nhận và Đo lường bức xạ},
  Author                   = {Nguyễn Triệu Tú},
  Publisher                = {NXB Đại Học Quốc Gia Hà Nội},
  Year                     = {2007},

  Keywords                 = {VN}
}