% This file was created with JabRef 2.10.
% Encoding: UTF8


@Article{bib_dudek2006,
  Author                   = {Jery Dudek and others},
  Journal                  = {Phys. Rev. Lett.},
  Year                     = {2006},
  Number                   = {072501},
  Volume                   = {97},

  Owner                    = {USER},
  Timestamp                = {2016.04.20}
}

@Article{bib_dudek2002,
  Author                   = {Jery Dudek and others},
  Journal                  = {Phys. Rev. Lett.},
  Year                     = {2002},
  Number                   = {252502},
  Volume                   = {88},

  Owner                    = {USER},
  Timestamp                = {2016.04.20}
}

@Article{bib_schunk2006,
  Author                   = {Nicola Schunck and others},
  Journal                  = {Acta Phys. Pol. B},
  Year                     = {2006},
  Number                   = {1071},
  Volume                   = {36},

  Owner                    = {USER},
  Timestamp                = {2016.04.20}
}

